[gd_scene load_steps=7 format=2]

[ext_resource path="res://Xolonium-Regular.ttf" type="DynamicFontData" id=1]

[sub_resource type="DynamicFont" id=3]
size = 20
font_data = ExtResource( 1 )

[sub_resource type="DynamicFont" id=4]
size = 20
font_data = ExtResource( 1 )

[sub_resource type="DynamicFont" id=1]
size = 24
outline_size = 2
outline_color = Color( 0, 0, 0, 1 )
use_filter = true
font_data = ExtResource( 1 )

[sub_resource type="DynamicFont" id=2]
size = 64
outline_size = 2
outline_color = Color( 0, 0, 0, 1 )
font_data = ExtResource( 1 )

[sub_resource type="DynamicFont" id=5]
size = 30
font_data = ExtResource( 1 )

[node name="HUD" type="CanvasLayer"]

[node name="RetryButton" type="Button" parent="."]
anchor_left = 0.5
anchor_top = 0.5
anchor_right = 0.5
anchor_bottom = 0.5
margin_left = -192.0
margin_top = -10.0
margin_right = 192.0
margin_bottom = 21.0
custom_fonts/font = SubResource( 3 )
text = "Ok i try hard this time for real"
__meta__ = {
"_edit_use_anchors_": false
}

[node name="QuitButton" type="Button" parent="."]
anchor_left = 0.5
anchor_top = 0.5
anchor_right = 0.5
anchor_bottom = 0.5
margin_left = -245.5
margin_top = 36.5
margin_right = 245.5
margin_bottom = 67.5
custom_fonts/font = SubResource( 4 )
text = "I hate this game and im not ever playing again"
__meta__ = {
"_edit_use_anchors_": false
}

[node name="ScoreText" type="Label" parent="."]
anchor_right = 1.0
margin_bottom = 39.0
custom_fonts/font = SubResource( 1 )
text = "Score"
align = 1
uppercase = true
__meta__ = {
"_edit_use_anchors_": false
}

[node name="Score" type="Label" parent="."]
anchor_right = 1.0
margin_top = 16.0
margin_bottom = 94.0
custom_fonts/font = SubResource( 2 )
text = "1337"
align = 1
__meta__ = {
"_edit_use_anchors_": false
}

[node name="Trash" type="Label" parent="."]
anchor_top = 1.0
anchor_right = 1.0
anchor_bottom = 1.0
margin_top = -37.0
custom_fonts/font = SubResource( 5 )
text = "Highscore: 69420"
align = 1
__meta__ = {
"_edit_use_anchors_": false
}
